@inproceedings{Rosu2012,
	author = {Ro{\c s}u, G. and \c{S}tef\u{a}nescu, A.},
	booktitle = {OOPSLA'12},
	pages = {555-574},
	title = {{Checking Reachability using Matching Logic}},
	year = {2012},
}

@inproceedings{Bogdanas2012,
	author = {Bogdanas, D.},
	booktitle = {SYNASC'12},
	title = {{Label-Based Programming Language Semantics in the K Framework with SDF}},
	pages = {170--177},
	year = {2012}
}

@incollection{Clavel2003,
	author={Clavel, M. and Durán, F. and Eker, S. and Lincoln, P. and Martí-Oliet, N. and Meseguer, J. and Talcott, C.},
	year={2003},
	booktitle={{Rewriting Techniques and Applications}},
	volume={2706},
	series={Lecture Notes in Computer Science},
	title={{The Maude 2.0 System}},
	publisher={Springer Berlin Heidelberg},
	pages={76-87},
}

@inproceedings{Cousot1977,
	author = {Cousot, P. and Cousot, R.},
	booktitle = {POPL '77},
	pages = {238-252},
	title = {{Abstract Interpretation: a Unified Lattice Model for Static Analysis of Programs by Construction or Approximation of Fixpoints}},
	year = {1977}
}

@inproceedings{Woo1993,
	title = {{A Semantic Model for Authentication Protocols}},
	author = {Woo, T.Y.C. and Lam, M.},
	booktitle = {Security and Privacy (SP)},
	pages = {178-194},
	year = {1993}
}

@inproceedings{VanHorn2010,
	author = {{Van Horn}, D. and Might, M.},
	booktitle = {ICFP '10},
	pages = {51--62},
	title = {{Abstracting abstract machines}},
	year = {2010}
}

@inproceedings{Bodin,
	author = {Bodin, M. and and Chargu\'{e}raud, A. and Filaretti, D. and Gardner, P. and Maffeis, S. and Schmitt, A. and Smith, G.},
	title = {{A Trusted Mechanised JavaScript Specification}},
	booktitle = {POPL '14},
	year = {2014}
}

@MISC{New2012,
    author = {{International Organization for Standardization}}, 
	title = {{C Language Specification - C11. ISO/IEC 9899:2011}},
	year = {2011},
	howpublished={\url{http://www.iso.org/iso/iso_catalogue/catalogue_tc/catalogue_detail.htm?csnumber=57853}}
}

@MISC{Norrish1998,
	author = {Norrish, M.},
	title = {{C Formalised in HOL}},
	year = {1998},
	howpublished={University of Cambridge Technical Report UCAM-CL-TR-453},
}


@inproceedings{Maffeis2009a,
	author = {Maffeis, S. and Mitchell, J.C. and Taly, A.},
	title = {{Isolating JavaScript with Filters, Rewriting, and Wrappers}},
	booktitle = {ESORICS'2009},
	pages = {505--522},
	year = {2009}
}

@MISC{Plotkin2004,
    author = {Plotkin, G. D.},
    title = {{A Structural Approach to Operational Semantics}},
    year = {1981}
}

@TechReport{Meredith2007,
	author = {Meredith, P. and Hills, M. and Ro{\c s}u, G.},
	title = {{A K Definition of Scheme}},
	institution = {University of Illinois at Urbana-Champaign},
	Number = {Department of Computer Science UIUCDCS-R-2007-2907},
	Year = {2007}
}

@inproceedings{Gardner2012b,
	author = {Gardner, P. and Maffeis, S. and Smith, G.},
	title = {{Towards a Program Logic for JavaScript}},
	booktitle = {POPL '12},
	pages = {31--44},
	year = {2012}
}

@inproceedings{Martin2008,
	author = {Martin, M. and Lam, M.S.},
	title = {{Automatic Generation of XSS and SQL Injection Attacks with Goal-directed Model Checking}},
	booktitle = {Proceedings of the 17th Conference on Security Symposium},
	year = {2008},
	pages = {31--43},
} 

@article{Hjelseth2010,
	author = {Jhala, R. and Majumdar, R.},
	title = {{Software Model Checking}},
	journal = {ACM Compututing Surveys},
	volume = {41},
	number = {4},
 	year = {2009},
	publisher = {ACM}
} 

@book{Pierce2002,
	author = {Pierce, B.C.},
	title = {{Types and Programming Languages}},
	year = {2002},
	isbn = {0-262-16209-1},
	publisher = {MIT Press},
	address = {Cambridge, MA, USA},
} 

@ARTICLE{Kahrs1997,
    author = {Kahrs, S. and Sannella, D. and Tarlecki, A.},
    title = {{The Definition of Extended ML: a Gentle Introduction}},
    journal = {THEORETICAL COMPUTER SCIENCE},
    year = {1995},
    volume = {173},
    pages = {186--215}
}

@inproceedings{Maffeis2008,
	author = {Maffeis, S. and Mitchell, J.C. and Taly, A.},
	title = {{An Operational Semantics for JavaScript}},
	booktitle = {APLAS '08},
	year = {2008},
	pages = {307--325}
} 

@inproceedings{Meredith2010,
	author={Meredith, P. and Katelman, M. and Meseguer, J. and Ro\c{s}u, G.},
	title={{A Formal Executable Semantics of Verilog}},
	booktitle={MEMOCODE'10},
	year={2010},
	pages={179-188},
}

@article{Rosu2010,
	title={{An Overview of the K Semantic Framework}},
	author={Ro{\c s}u, G. and {\c S}erb{\u a}nu{\c t}{\u a}, T.F.},
	journal={Journal of Logic and Algebraic Programming},
	volume={79},
	number={6},
	pages={397--434},
	year={2010}
}

@inproceedings{Tozawa2009,
	author = {Tozawa, A. and Tatsubori, M. and Onodera, T. and Minamide, Y.},
	booktitle = {POPL'09},
	pages = {200--212},
	title = {{Copy-On-Write in the PHP Language}},
	year = {2009}
}

@inproceedings{Arusoaie2012,
	author = {{\c S}erb{\u a}nu{\c t}{\u a}, T.F. and Arusoaie, A. and Lazar, D. and Ellison, C. and Lucanu, D. and Ro{\c s}u, G.},
	title = {{The K Primer (version 2.5)}},
	editor = {Mark Hills},
	booktitle = {K'11},
	series = {Electronic Notes in Theoretical Computer Science},
	year = {to appear},
}

@article{Blazy2009,
	author = {Blazy, S. and Leroy, X.},
	journal = {Journal of Automated Reasoning},
	pages = {263--288},
	title = {{Mechanized Semantics for the Clight Subset of the C Language}},
	volume = {43},
	year = {2009}
}

@inproceedings{Maffeis2009,
	author = {Maffeis, S. and Taly, A.},
	booktitle = {CSF'09},
	pages = {77--91},
	title = {{Language-Based Isolation of Untrusted JavaScript}},
	year = {2009}
}

@inproceedings{Politz2013,
	author = {Politz, J. G. and Martinez, A. and Milano, M. and Warren, S. and Patterson, D. and Li, J. and Chitipothu, A. and Krishnamurthi, S.},
	title = {{Python: the Full Monty}},
	booktitle = {OOPSLA'13},
	year = {2013}
}

@inproceedings{Ellison2012,
	author = {Ellison, C. and Ro{\c s}u, G.},
	booktitle = {POPL '12},
	pages = {533--544},	
	title = {{An Executable Formal Semantics of C with Applications}},
	year = {2012}
}

@incollection{Alpuente2010,
	author={Alpuente, M. and Ballis, D. and Espert, Ja. and Romero, D.},
	title={{Model-Checking Web Applications with Web-TLR}},
	year={2010},
	booktitle={Automated Technology for Verification and Analysis},
	volume={6252},
	pages={341-346}
}

@Book{Nipkow2002,
	author = {Nipkow, T. and Paulson, L.C. and Wenzel, M.},
	title = {{Isabelle/HOL - A Proof Assistant for Higher-Order Logic}},
	publisher = {Springer},
	volume = 2283,
	year	 = 2002
}

@incollection{Arusoaie2012b,
	title={{A Generic Framework for Symbolic Execution}},
	author={Arusoaie, A. and Lucanu, D. and Rusu, V.},
	year={2013},
	booktitle={Software Language Engineering},
	volume={8225},
	series={Lecture Notes in Computer Science},
	publisher={Springer International Publishing},
	pages={281-301}
}

@inproceedings{Xie2006,
	author = {Xie, Y. and Aiken, A},
	booktitle = {USENIX'06},
	title = {{Static Detection of Security Vulnerabilities in Scripting Languages}},
	year = {2006}
}

@article{Clavel2002,
	author = {Clavel, M. and Dur\'{a}n, F. and Eker, S. and Lincoln, P. and Mart\'{\i}-Oliet, N. and Meseguer, J. and Quesada, J. F.},
	title = {{Maude: Specification and Programming in Rewriting Logic}},
 	journal = {Theoretical Computer Science},
 	issue_date = {28 August 2002},
 	volume = {285},
 	number = {2},
 	year = {2002},
	pages = {187--243},
	publisher = {Elsevier Science Publishers Ltd.}
} 

@inproceedings{Klein:2012,
 	author = {Klein, C. and Clements, J. and Dimoulas, C. and Eastlund, C. and Felleisen, M. and Flatt, M. and McCarthy, J, A. and Rafkind, J. and Tobin-Hochstadt, S. and Findler, R. B.},
	title = {{Run Your Research: On the Effectiveness of Lightweight Mechanization}},
 	booktitle = {POPL '12},
 	year = {2012},
 	pages = {285--296},
} 

@article{Heering1992,
	author = {Heering, J. and Hendriks, P. R. H. and Klint, P. and Rekers, J.},
	title = {{The Syntax Definition Formalism SDF - Reference Manual}},
	journal = {SIGPLAN Not.},
	issue_date = {Nov. 1989},
	volume = {24},
	number = {11},
	year = {1989},
 	pages = {43--75},
 	publisher = {ACM},
} 

@inproceedings{Berry1990,
	author = {Berry, G. and Boudol, G.},
	title = {{The Chemical Abstract Machine}},
	booktitle = {POPL '90},
	pages = {81--94},
	year = {1990}
}

@inproceedings{Lucanu2013,
	author = {Lucanu, D. and Rusu, V.},
	title = {{Program Equivalence by Circular Reasoning}},
  	booktitle = {IFM'13},
  	year = {2013},
 	pages = {362-377},
}

@inproceedings{Guha2010,
	author = {Guha, A. and Saftoiu, C. and Krishnamurthi, S.},
	title = {{The Essence of Javascript}},
 	booktitle = {ECOOP'10},
	year = {2010},
 	pages = {126--150},
} 

@book{Huet2007,
	title = {{Interactive Theorem Proving and Program Development - Coq'Art - the {C}alculus of Inductive Constructions}},
	author = "Bertot, Y. and Castéran, P. and Huet, G. and Paulin-Mohring, C.",
	series = "Texts in theoretical computer science",
	publisher = "Springer",
   	year = 2004
}

@article{Jovanovic2010,
	author = {Jovanovic, N. and Kruegel, C. and Kirda, E.},
 	title = {{Static Analysis for Detecting Taint-Style Vulnerabilities in Web Applications}},
	journal = {Journal of Computer Security},
 	volume = {18},
 	number = {5},
 	year = {2010},
 	pages = {861--907},
} 

@inproceedings{Fehnker2011,
	author = {Fehnker, A. and Huuck, R. and R\"{o}diger, W.},
	title = {{Model Checking Dataflow for Malicious Input}},
 	booktitle = {WESS '11},
 	year = {2011},
} 

@book{Milner1997,
	author = {Milner, R. and Tofte, M. and Macqueen, D.},
 	title = {{The  Definition of Standard ML}},
 	year = {1997},
 	isbn = {0262631814},
 	publisher = {MIT Press},
} 

@misc{Ecma2009,
 	title={{ECMA-262 ECMAScript Language Specification}},
	author={{ECMA} International},
	year={2009},
	howpublished={\url{http://www.ecma-international.org/publications/standards/Ecma-262.htm}}
}

@MISC{Haskell-in-K,
	title = {{Haskell Semantics in K}},
	author = {Lazar, D.},
	howpublished={\url{https://github.com/davidlazar/haskell-semantics}}
}

@MISC{Python-in-K,	
	title = {{Python Semantics in K}},
	author = {Guth, D.},
	howpublished={\url{http://code.google.com/p/k-python-semantics/}}
}

@MISC{Fortify-web,
	author = {Fortify Team},
	title = {{Fortify Code Secure}},
	howpublished={\url{http://www.armorize.com/codesecure/}}
}

@MISC{Java-in-K,
	title = {{Formal Semantics of Java in the K Framework}},
	author = {Bogdanas, D.},
howpublished={\url{https://github.com/kframework/java-semantics}}
}

@MISC{Bouwers2007,
	author = {Bouwers, E.},
	title = {{PHP-Sat}},
	howpublished={\url{http://www.program-transformation.org/PHP/PhpSat}}
}


@MISC{PHP-docs,
	author = {The PHP Group},
	title = {{PHP Official Documentation}},
	howpublished={\url{http://www.php.net/manual/en/}}
}

@MISC{K-web,
	author = {K Team},
	title = {The {K} {F}ramework},
	howpublished={\url{http://k-framework.org/index.php/Main_Page}}
}

@MISC{JSCert-web,
	author = {JSCert Team},
	title = {{JSCert: Certified JavaScript}},
	howpublished={\url{http://jscert.org}}
}

@MISC{zendtest,
	author = {PHP Quality Assurance Team},
	title = {{Zend Test Suite}},
	howpublished={\url{https://qa.php.net/write-test.php}}
}

@MISC{zend,
	author = {The PHP Group},
	title = {{PHP Zend Engine}},
	howpublished={\url{http://php.net}}
}


@MISC{phpMyAdminWeb,
	author = {phpMyAdmin Team},
	title = {{phpMyAdmin}},
	howpublished={\url{http://www.phpmyadmin.net/home_page/index.php}}
}

@MISC{pbkdf2Web,
	author = {PHP Documentation},
	title = {{Cryptographic Function pbkdf2}},
	howpublished={\url{http://php.net/manual/en/function.hash-hmac.php}}}
}

@MISC{gcc-test,
	author = {Free Software Foundation},
	title = {{GCC Torture Suite}},
	howpublished={\url{http://gcc.gnu.org/onlinedocs/gccint/C-Tests.html}}
}



















